@InProceedings{harel87:semantics_statecharts,
 author   = {David Harel and Amir Pnueli and Jeanette Schmidt and Rivi Sherman},
 title    = {On the formal semantics of statecharts},
 booktitle= {Proceedings of Symposium on Logic in Computer Science},
 year     = {1987},
 pages    = {55-64},
 month    = June,
}

@InProceedings{dwyer99:specpatt_survey,
 author   = {Matthew B. Dwyer and George S. Avrunin and James C. Corbett},
 title    = {Patterns in Property Specifications for Finite-state Verification},
 booktitle= {Proceedings of the 21st International Conference on Software Engineering},
 year     = {1999},
 month    = May,
}

@InProceedings{dwyer98:specpatt,
 author   = {Matthew B. Dwyer and George S. Avrunin and James C. Corbett},
 title	  = {Property Specification Patterns for Finite-state Verification},
 booktitle= {2nd Workshop on Formal Methods in Software Practice},
 year     = {1998},
 month    = May
}

@Article{pei04:prefixSpan,
 author   = {Jian Pei and Behzad Mortazavi-Asl and Umeshwar Dayal},
 title    = {Mining Sequential Patterns by Pattern-Growth: The PrefixSpan Approach},
 journal  = {IEEE Transactions on Knowledge and Data Engineering},
 volume   = {16},
 year     = {2004},
}

@Book{Myers:12,
 author   = {Glenford J. Myers and Tom Badgett and Corey Sandler},
 title    = {The art of software testing},
 edition  = {3º},
 publisher= {John Wiley \& Sons, Inc},
 year     = {2012}
}

@Misc{introSoftTest,
 author   = {José Carlos Maldonado and Ellen Franciane Barbosa and Auri M. R. Vincenzi and Márcio Eduardo Delamaro and Simone do Roccio Senger de Souza and Mario Jino},
 title    = {Introdução ao Teste de Software},
 year     = {2004}
}

@Book{Lewis:98,
 author   = {Harry R. Lewis and Christos H. Papadimitriou},
 title    = {Elements of the Theory of Computation},
 edition  = {2},
 publisher= {Prentice Hall, Inc},
 year     = {1998}
}

@Book{Ammann:08,
 author   = {Paul Ammann and Jeff Offutt},
 title    = {Introduction to Software Testing},
 publisher= {Cambridge University Press},
year ={2008}
}


@Techreport{Luo,
 author   = {Lu Luo},
 title    = {Software Testing Techniques - Technology Maturation and Research Strategy},
 institution= {Institute for Software Research International, Carnegie Mellon University},
 address  = {Pittsburgh,{USA}}
}

@Book{Beizer,
 author   = {Boris Beizer},
 title    = {Software Testing Techniques},
 edition  = {2},
year ={1990}
}


%%---------------------------------------------------------------------------------%%
@Book{eco:09,
 author   = {Umberto Eco},
 title    = {Como se Faz uma Tese},
 edition  = {22º},
 publisher= {Perspectiva},
 note     = {Tradução Gilson Cesar Cardoso de Souza},
 year     = {2009},
}

@Book{zobel:04,
 author   = {Justin Zobel},
 title    = {Writing for Computer Science: The art of effective communication},
 publisher= {Springer},
 edition  = {Segunda},
 year     = {2004},
}

@Book{waz:09,
 author   = {Raul S. Wazlawick},
 title    = {Metodologia de Pesquisa em Ciencia da Computação},
 publisher= {Campus},
 edition  = {Primeira},
 year     = {2009},
}

@Book{Higham:98,
 author   = {Nicholas J. Higham},
 title    = {Handbook of Writing for the Mathematical Sciences},
 edition  = {segunda},
 publisher= {SIAM: Society for Industrial and Applied Mathematics},
 month    = Aug,
 year     = {1998},
}

@book{Knuth:96,
 author   = {Donald E. Knuth and Tracy Larrabee and Paul M. Roberts},
 title    = {Mathematical Writing},
 publisher= {The Mathematical Association of America},
 month    = Sep,
 year     = {1996}
}

@InProceedings{alves03:simi,
 author   = {Carlos E. R. Alves and Edson N. Cáceres and Frank Dehne and Siang W. Song},
 title    = {A Parallel Wavefront Algorithm for Efficient Biological Sequence Comparison},
 booktitle= {ICCSA '03: The 2003 International Conference on Computational Science and its Applications},
 year     = {2003},
 pages    = {249-258},
 month    = May,
 publisher= {Springer-Verlag}
}

@Article{MenaChalco08,
 author   = {Jesús P. Mena-Chalco and Helaine Carrer and Yossi Zana and Roberto M. Cesar-Jr.},
 title    = {Identification of protein coding regions using the modified {G}abor-wavelet transform},
 journal  = {IEEE/ACM Transactions on Computational Biology and Bioinformatics},
 volume   = {5},
 pages    = {198-207},
 year     = {2008},
}

Sofotware Testing Techniques - Technology Maturation and Research Strategy
@Techreport{alvisi99:analysisCIC,
 author   = {Lorenzo Alvisi and Elmootazbellah Elnozahy and Sriram S. Rao and Syed A. Husain and Asanka Del Mel},
 title    = {An Analysis of Comunication-Induced Checkpointing},
 institution= {Department of Computer Science, University of Texas at Austin},
 year     = {1999},
 number   = {TR-99-01},
 address  = {Austin, {USA}}
}

@Misc{gridftp,
 author   = {William Allcock},
 title    = {{GridFTP} protocol specification. {Global Grid Forum} Recommendation ({GFD}.20)},
 year     = {2003}
}

@Book{JW82,
 author   = {Richard A. Johnson and Dean W. Wichern},
 title    = {Applied Multivariate Statistical Analysis},
 publisher= {Prentice-Hall},
 year     = {1983}
}

@Manual{CORBA:spec,
 title    = {{CORBA v3.0 Specification}},
 author   = {{Object Management Group}},
 month    = Jul,
 year     = {2002},
 note     = {{OMG Document 02-06-33}}
}

@PhdThesis{garcia01:PhD,
 author   = {Islene C. Garcia},
 title    = {Visões Progressivas de Computações Distribuídas},
 school   = {Instituto de Computação, Universidade de Campinas, Brasil},
 year     = {2001},
 month    = {Dezembro}
}

@Conference{bronevetsky02,
 author   = {Greg Bronevetsky and Daniel Marques and Keshav Pingali and Paul Stodghill},
 title    = {Automated application-level checkpointing of {MPI} programs},
 booktitle= {PPoPP '03: Proceedings of the 9th ACM SIGPLAN Symposium on Principles and Practice of Parallel Programming},
 year     = {2003},
 pages    = {84-89}
}

@InCollection{bobaoglu93:concepts,
 author   = {Ozalp Babaoglu and Keith Marzullo},
 title    = {Consistent Global States of Distributed Systems: Fundamental Concepts and Mechanisms},
 editor   = {Sape Mullender},
 booktitle= {Distributed Systems},
 edition  = {segunda},
 year     = {1993},
 pages    = {55-96}
}

@MastersThesis{schmidt03:MSc,
 author   = {Rodrigo M. Schmidt},
 title    = {Coleta de Lixo para Protocolos de \emph{Checkpointing}},
 school   = {Instituto de Computação, Universidade de Campinas, Brasil},
 year     = {2003},
 month    = Oct
}

@Misc{fowler04:designDead,
 author   = {Martin Fowler},
 title    = {Is Design Dead?},
 year     = {2004},
 month    = May,
 note     = {Último acesso em 30/1/2010},
 howpublished= {\url{http://martinfowler.com/articles/designDead.html}},
}

@Misc{FSF:GNU-GPL,
 author   = {Free Software Foundation},
 title    = {{GNU} general public license},
 note     = {Último acesso em 30/1/2010},
 howpublished= {\url{http://www.gnu.org/copyleft/gpl.html}},
}

@article{alon09:how,
 author   = {Uri Alon},
 title    = {{How To Choose a Good Scientific Problem}},
 journal  = {Molecular Cell},
 year     = {2009},
 volume   = {35},
 number   = {6},
 pages    = {726--728},
 publisher= {Cell Press},
 month    = sep,
 doi      = {10.1016/j.molcel.2009.09.013},
}

@book{tufte01:visualDisplay,
 author   = {Edward Tufte},
 title    = {The Visual Display of Quantitative Information},
 year     = {2001},
 edition  = {2nd},
 publisher= {Graphics Pr},
 month    = may,
}

